 @techreport{numerical1,
 author               = { Tomas Co},
 title                = {Short Tutorial on Matlab},
 year                 = {2003,2004},
 }
 
  @techreport{waveletTA,
 address              = {Upper Saddle River},
 author               = { John H. Mathews},
 title                = {Numerical Methods Using MATLAB},
 year                 = {1999},
 }

 @techreport{PDE,
 author               = {L.F. Shampine, I. Gladwell, S.Thompson},
 title                = {Solving ODEs with Matlab}},
 year                 = {2001},
 }
 
@INPROCEEDINGS{velprofile,
	author={Kim, K.H. and Kern, A.},
	booktitle={Power Electronics and Drive Systems, 1995., Proceedings of 1995 International Conference on},
	title={Comparison of different methods of trajectory calculation for an industrial robot},
	year={1995},
	pages={449-453 vol.1},
	keywords={acceleration;digital control;electric sensing devices;industrial robots;position control;suboptimal control;transputer systems;transputers;Microsoft Windows;acceleration rise;block function;exponential function;industrial robot;position control scheme;robot control system;sensor;sine-square function;sinusoidal function;trajectory calculation;transputer;Acceleration;Electronics industry;Industrial control;Power electronics;Power system modeling;Robot control;Robot kinematics;Robot sensing systems;Service robots;Torque},
	doi={10.1109/PEDS.1995.404880},
	month={Feb},}

